%YAML 1.1
%TAG !u! tag:unity3d.com,2011:
--- !u!1 &3911267993178400763
GameObject:
  m_ObjectHideFlags: 0
  m_CorrespondingSourceObject: {fileID: 0}
  m_PrefabInstance: {fileID: 0}
  m_PrefabAsset: {fileID: 0}
  serializedVersion: 6
  m_Component:
  - component: {fileID: 3911267993178400756}
  - component: {fileID: -8000442197258236798}
  m_Layer: 0
  m_Name: WorldTile_4
  m_TagString: Untagged
  m_Icon: {fileID: 0}
  m_NavMeshLayer: 0
  m_StaticEditorFlags: 0
  m_IsActive: 1
--- !u!4 &3911267993178400756
Transform:
  m_ObjectHideFlags: 0
  m_CorrespondingSourceObject: {fileID: 0}
  m_PrefabInstance: {fileID: 0}
  m_PrefabAsset: {fileID: 0}
  m_GameObject: {fileID: 3911267993178400763}
  m_LocalRotation: {x: 0, y: 0, z: 0, w: 1}
  m_LocalPosition: {x: 0, y: 0, z: 0}
  m_LocalScale: {x: 1, y: 1, z: 1}
  m_Children:
  - {fileID: 4452828074913807405}
  - {fileID: 1262631213149357254}
  - {fileID: 6882495046861234721}
  - {fileID: 1686876562103752449}
  - {fileID: 5359855699292108495}
  - {fileID: 1046702270499831679}
  - {fileID: 9159686050372736159}
  m_Father: {fileID: 0}
  m_RootOrder: 0
  m_LocalEulerAnglesHint: {x: 0, y: 0, z: 0}
--- !u!114 &-8000442197258236798
MonoBehaviour:
  m_ObjectHideFlags: 0
  m_CorrespondingSourceObject: {fileID: 0}
  m_PrefabInstance: {fileID: 0}
  m_PrefabAsset: {fileID: 0}
  m_GameObject: {fileID: 3911267993178400763}
  m_Enabled: 1
  m_EditorHideFlags: 0
  m_Script: {fileID: 11500000, guid: ab8513e5670130f469165c0e00ccb4de, type: 3}
  m_Name: 
  m_EditorClassIdentifier: 
  enviroItems: []
--- !u!1 &6085314730435686595
GameObject:
  m_ObjectHideFlags: 0
  m_CorrespondingSourceObject: {fileID: 0}
  m_PrefabInstance: {fileID: 0}
  m_PrefabAsset: {fileID: 0}
  serializedVersion: 6
  m_Component:
  - component: {fileID: 5686783704890738322}
  - component: {fileID: 2003568526149662055}
  - component: {fileID: 2209545561332723242}
  m_Layer: 0
  m_Name: Sack (1)
  m_TagString: Untagged
  m_Icon: {fileID: 0}
  m_NavMeshLayer: 0
  m_StaticEditorFlags: 0
  m_IsActive: 1
--- !u!4 &5686783704890738322
Transform:
  m_ObjectHideFlags: 0
  m_CorrespondingSourceObject: {fileID: 0}
  m_PrefabInstance: {fileID: 0}
  m_PrefabAsset: {fileID: 0}
  m_GameObject: {fileID: 6085314730435686595}
  m_LocalRotation: {x: -0.7290612, y: -0.16901855, z: 0.16901855, w: 0.64135426}
  m_LocalPosition: {x: -1.1800565, y: -3.6437516, z: -8.388392}
  m_LocalScale: {x: 1, y: 1, z: 1}
  m_Children: []
  m_Father: {fileID: 1046702270499831679}
  m_RootOrder: 5
  m_LocalEulerAnglesHint: {x: -118.593, y: 75.454994, z: -75.45499}
--- !u!33 &2003568526149662055
MeshFilter:
  m_ObjectHideFlags: 0
  m_CorrespondingSourceObject: {fileID: 0}
  m_PrefabInstance: {fileID: 0}
  m_PrefabAsset: {fileID: 0}
  m_GameObject: {fileID: 6085314730435686595}
  m_Mesh: {fileID: -8011043653498289224, guid: 0d97b458274dd07448298cccf32196e3, type: 3}
--- !u!23 &2209545561332723242
MeshRenderer:
  m_ObjectHideFlags: 0
  m_CorrespondingSourceObject: {fileID: 0}
  m_PrefabInstance: {fileID: 0}
  m_PrefabAsset: {fileID: 0}
  m_GameObject: {fileID: 6085314730435686595}
  m_Enabled: 1
  m_CastShadows: 1
  m_ReceiveShadows: 1
  m_DynamicOccludee: 1
  m_MotionVectors: 1
  m_LightProbeUsage: 1
  m_ReflectionProbeUsage: 1
  m_RayTracingMode: 2
  m_RenderingLayerMask: 1
  m_RendererPriority: 0
  m_Materials:
  - {fileID: 2100000, guid: 832efca4b2d0f7946a7422190489c8e0, type: 2}
  m_StaticBatchInfo:
    firstSubMesh: 0
    subMeshCount: 0
  m_StaticBatchRoot: {fileID: 0}
  m_ProbeAnchor: {fileID: 0}
  m_LightProbeVolumeOverride: {fileID: 0}
  m_ScaleInLightmap: 1
  m_ReceiveGI: 1
  m_PreserveUVs: 0
  m_IgnoreNormalsForChartDetection: 0
  m_ImportantGI: 0
  m_StitchLightmapSeams: 1
  m_SelectedEditorRenderState: 3
  m_MinimumChartSize: 4
  m_AutoUVMaxDistance: 0.5
  m_AutoUVMaxAngle: 89
  m_LightmapParameters: {fileID: 0}
  m_SortingLayerID: 0
  m_SortingLayer: 0
  m_SortingOrder: 0
--- !u!1 &6525680611206082396
GameObject:
  m_ObjectHideFlags: 0
  m_CorrespondingSourceObject: {fileID: 0}
  m_PrefabInstance: {fileID: 0}
  m_PrefabAsset: {fileID: 0}
  serializedVersion: 6
  m_Component:
  - component: {fileID: 1285258433003164596}
  - component: {fileID: 1400262060469783186}
  - component: {fileID: 8253194525477774951}
  m_Layer: 0
  m_Name: Goldbarren (1)
  m_TagString: Untagged
  m_Icon: {fileID: 0}
  m_NavMeshLayer: 0
  m_StaticEditorFlags: 0
  m_IsActive: 1
--- !u!4 &1285258433003164596
Transform:
  m_ObjectHideFlags: 0
  m_CorrespondingSourceObject: {fileID: 0}
  m_PrefabInstance: {fileID: 0}
  m_PrefabAsset: {fileID: 0}
  m_GameObject: {fileID: 6525680611206082396}
  m_LocalRotation: {x: -0.60206026, y: 0.40680116, z: -0.3098424, w: 0.61321616}
  m_LocalPosition: {x: -0.20429063, y: -3.7, z: -5.0413914}
  m_LocalScale: {x: 1, y: 1, z: 1}
  m_Children: []
  m_Father: {fileID: 1046702270499831679}
  m_RootOrder: 4
  m_LocalEulerAnglesHint: {x: -150.902, y: -86.32999, z: 95.452995}
--- !u!33 &1400262060469783186
MeshFilter:
  m_ObjectHideFlags: 0
  m_CorrespondingSourceObject: {fileID: 0}
  m_PrefabInstance: {fileID: 0}
  m_PrefabAsset: {fileID: 0}
  m_GameObject: {fileID: 6525680611206082396}
  m_Mesh: {fileID: -5236032614006524408, guid: 0d97b458274dd07448298cccf32196e3, type: 3}
--- !u!23 &8253194525477774951
MeshRenderer:
  m_ObjectHideFlags: 0
  m_CorrespondingSourceObject: {fileID: 0}
  m_PrefabInstance: {fileID: 0}
  m_PrefabAsset: {fileID: 0}
  m_GameObject: {fileID: 6525680611206082396}
  m_Enabled: 1
  m_CastShadows: 1
  m_ReceiveShadows: 1
  m_DynamicOccludee: 1
  m_MotionVectors: 1
  m_LightProbeUsage: 1
  m_ReflectionProbeUsage: 1
  m_RayTracingMode: 2
  m_RenderingLayerMask: 1
  m_RendererPriority: 0
  m_Materials:
  - {fileID: 2100000, guid: d56cbbe35c143a2498852907e21996a0, type: 2}
  m_StaticBatchInfo:
    firstSubMesh: 0
    subMeshCount: 0
  m_StaticBatchRoot: {fileID: 0}
  m_ProbeAnchor: {fileID: 0}
  m_LightProbeVolumeOverride: {fileID: 0}
  m_ScaleInLightmap: 1
  m_ReceiveGI: 1
  m_PreserveUVs: 0
  m_IgnoreNormalsForChartDetection: 0
  m_ImportantGI: 0
  m_StitchLightmapSeams: 1
  m_SelectedEditorRenderState: 3
  m_MinimumChartSize: 4
  m_AutoUVMaxDistance: 0.5
  m_AutoUVMaxAngle: 89
  m_LightmapParameters: {fileID: 0}
  m_SortingLayerID: 0
  m_SortingLayer: 0
  m_SortingOrder: 0
--- !u!1 &6608793765233359369
GameObject:
  m_ObjectHideFlags: 0
  m_CorrespondingSourceObject: {fileID: 0}
  m_PrefabInstance: {fileID: 0}
  m_PrefabAsset: {fileID: 0}
  serializedVersion: 6
  m_Component:
  - component: {fileID: 1262631213149357254}
  - component: {fileID: 4326392291396427067}
  - component: {fileID: 597657245584347582}
  - component: {fileID: 1374639328045480815}
  m_Layer: 0
  m_Name: Dirt
  m_TagString: Untagged
  m_Icon: {fileID: 0}
  m_NavMeshLayer: 0
  m_StaticEditorFlags: 0
  m_IsActive: 1
--- !u!4 &1262631213149357254
Transform:
  m_ObjectHideFlags: 0
  m_CorrespondingSourceObject: {fileID: 0}
  m_PrefabInstance: {fileID: 0}
  m_PrefabAsset: {fileID: 0}
  m_GameObject: {fileID: 6608793765233359369}
  m_LocalRotation: {x: -0, y: -0, z: -0, w: 1}
  m_LocalPosition: {x: 0, y: -0.1, z: 60}
  m_LocalScale: {x: 30, y: 12, z: 12}
  m_Children: []
  m_Father: {fileID: 3911267993178400756}
  m_RootOrder: 1
  m_LocalEulerAnglesHint: {x: 0, y: 0, z: 0}
--- !u!33 &4326392291396427067
MeshFilter:
  m_ObjectHideFlags: 0
  m_CorrespondingSourceObject: {fileID: 0}
  m_PrefabInstance: {fileID: 0}
  m_PrefabAsset: {fileID: 0}
  m_GameObject: {fileID: 6608793765233359369}
  m_Mesh: {fileID: 10209, guid: 0000000000000000e000000000000000, type: 0}
--- !u!23 &597657245584347582
MeshRenderer:
  m_ObjectHideFlags: 0
  m_CorrespondingSourceObject: {fileID: 0}
  m_PrefabInstance: {fileID: 0}
  m_PrefabAsset: {fileID: 0}
  m_GameObject: {fileID: 6608793765233359369}
  m_Enabled: 1
  m_CastShadows: 1
  m_ReceiveShadows: 1
  m_DynamicOccludee: 1
  m_MotionVectors: 1
  m_LightProbeUsage: 1
  m_ReflectionProbeUsage: 1
  m_RayTracingMode: 2
  m_RenderingLayerMask: 1
  m_RendererPriority: 0
  m_Materials:
  - {fileID: 2100000, guid: 04ecb84d041ab0a4cbda66288e79ef1e, type: 2}
  m_StaticBatchInfo:
    firstSubMesh: 0
    subMeshCount: 0
  m_StaticBatchRoot: {fileID: 0}
  m_ProbeAnchor: {fileID: 0}
  m_LightProbeVolumeOverride: {fileID: 0}
  m_ScaleInLightmap: 1
  m_ReceiveGI: 1
  m_PreserveUVs: 0
  m_IgnoreNormalsForChartDetection: 0
  m_ImportantGI: 0
  m_StitchLightmapSeams: 1
  m_SelectedEditorRenderState: 3
  m_MinimumChartSize: 4
  m_AutoUVMaxDistance: 0.5
  m_AutoUVMaxAngle: 89
  m_LightmapParameters: {fileID: 0}
  m_SortingLayerID: 0
  m_SortingLayer: 0
  m_SortingOrder: 0
--- !u!64 &1374639328045480815
MeshCollider:
  m_ObjectHideFlags: 0
  m_CorrespondingSourceObject: {fileID: 0}
  m_PrefabInstance: {fileID: 0}
  m_PrefabAsset: {fileID: 0}
  m_GameObject: {fileID: 6608793765233359369}
  m_Material: {fileID: 0}
  m_IsTrigger: 0
  m_Enabled: 1
  serializedVersion: 3
  m_Convex: 0
  m_CookingOptions: 30
  m_Mesh: {fileID: 10209, guid: 0000000000000000e000000000000000, type: 0}
--- !u!1001 &688010070194061402
PrefabInstance:
  m_ObjectHideFlags: 0
  serializedVersion: 2
  m_Modification:
    m_TransformParent: {fileID: 3911267993178400756}
    m_Modifications:
    - target: {fileID: 507481413427380005, guid: 0adc70832f4b98243ad7d0a38cc8a3cb,
        type: 3}
      propertyPath: m_LocalPosition.x
      value: -33.320534
      objectReference: {fileID: 0}
    - target: {fileID: 507481413427380005, guid: 0adc70832f4b98243ad7d0a38cc8a3cb,
        type: 3}
      propertyPath: m_LocalPosition.y
      value: 2.26
      objectReference: {fileID: 0}
    - target: {fileID: 507481413427380005, guid: 0adc70832f4b98243ad7d0a38cc8a3cb,
        type: 3}
      propertyPath: m_LocalPosition.z
      value: 55.252686
      objectReference: {fileID: 0}
    - target: {fileID: 507481413427380005, guid: 0adc70832f4b98243ad7d0a38cc8a3cb,
        type: 3}
      propertyPath: m_LocalRotation.x
      value: -0
      objectReference: {fileID: 0}
    - target: {fileID: 507481413427380005, guid: 0adc70832f4b98243ad7d0a38cc8a3cb,
        type: 3}
      propertyPath: m_LocalRotation.y
      value: 0.12659055
      objectReference: {fileID: 0}
    - target: {fileID: 507481413427380005, guid: 0adc70832f4b98243ad7d0a38cc8a3cb,
        type: 3}
      propertyPath: m_LocalRotation.z
      value: -0
      objectReference: {fileID: 0}
    - target: {fileID: 507481413427380005, guid: 0adc70832f4b98243ad7d0a38cc8a3cb,
        type: 3}
      propertyPath: m_LocalRotation.w
      value: 0.99195504
      objectReference: {fileID: 0}
    - target: {fileID: 507481413427380005, guid: 0adc70832f4b98243ad7d0a38cc8a3cb,
        type: 3}
      propertyPath: m_RootOrder
      value: 5
      objectReference: {fileID: 0}
    - target: {fileID: 507481413427380005, guid: 0adc70832f4b98243ad7d0a38cc8a3cb,
        type: 3}
      propertyPath: m_LocalEulerAnglesHint.x
      value: 0
      objectReference: {fileID: 0}
    - target: {fileID: 507481413427380005, guid: 0adc70832f4b98243ad7d0a38cc8a3cb,
        type: 3}
      propertyPath: m_LocalEulerAnglesHint.y
      value: 14.545001
      objectReference: {fileID: 0}
    - target: {fileID: 507481413427380005, guid: 0adc70832f4b98243ad7d0a38cc8a3cb,
        type: 3}
      propertyPath: m_LocalEulerAnglesHint.z
      value: 0
      objectReference: {fileID: 0}
    - target: {fileID: 3553822176595758390, guid: 0adc70832f4b98243ad7d0a38cc8a3cb,
        type: 3}
      propertyPath: m_Name
      value: MoneyCrate (2)
      objectReference: {fileID: 0}
    m_RemovedComponents: []
  m_SourcePrefab: {fileID: 100100000, guid: 0adc70832f4b98243ad7d0a38cc8a3cb, type: 3}
--- !u!4 &1046702270499831679 stripped
Transform:
  m_CorrespondingSourceObject: {fileID: 507481413427380005, guid: 0adc70832f4b98243ad7d0a38cc8a3cb,
    type: 3}
  m_PrefabInstance: {fileID: 688010070194061402}
  m_PrefabAsset: {fileID: 0}
--- !u!1001 &1180526821063780388
PrefabInstance:
  m_ObjectHideFlags: 0
  serializedVersion: 2
  m_Modification:
    m_TransformParent: {fileID: 3911267993178400756}
    m_Modifications:
    - target: {fileID: 507481413427380005, guid: 0adc70832f4b98243ad7d0a38cc8a3cb,
        type: 3}
      propertyPath: m_LocalPosition.x
      value: -36.29303
      objectReference: {fileID: 0}
    - target: {fileID: 507481413427380005, guid: 0adc70832f4b98243ad7d0a38cc8a3cb,
        type: 3}
      propertyPath: m_LocalPosition.y
      value: 2.26
      objectReference: {fileID: 0}
    - target: {fileID: 507481413427380005, guid: 0adc70832f4b98243ad7d0a38cc8a3cb,
        type: 3}
      propertyPath: m_LocalPosition.z
      value: 56.91
      objectReference: {fileID: 0}
    - target: {fileID: 507481413427380005, guid: 0adc70832f4b98243ad7d0a38cc8a3cb,
        type: 3}
      propertyPath: m_LocalRotation.x
      value: -0
      objectReference: {fileID: 0}
    - target: {fileID: 507481413427380005, guid: 0adc70832f4b98243ad7d0a38cc8a3cb,
        type: 3}
      propertyPath: m_LocalRotation.y
      value: -0
      objectReference: {fileID: 0}
    - target: {fileID: 507481413427380005, guid: 0adc70832f4b98243ad7d0a38cc8a3cb,
        type: 3}
      propertyPath: m_LocalRotation.z
      value: -0
      objectReference: {fileID: 0}
    - target: {fileID: 507481413427380005, guid: 0adc70832f4b98243ad7d0a38cc8a3cb,
        type: 3}
      propertyPath: m_LocalRotation.w
      value: 1
      objectReference: {fileID: 0}
    - target: {fileID: 507481413427380005, guid: 0adc70832f4b98243ad7d0a38cc8a3cb,
        type: 3}
      propertyPath: m_RootOrder
      value: 3
      objectReference: {fileID: 0}
    - target: {fileID: 507481413427380005, guid: 0adc70832f4b98243ad7d0a38cc8a3cb,
        type: 3}
      propertyPath: m_LocalEulerAnglesHint.x
      value: 0
      objectReference: {fileID: 0}
    - target: {fileID: 507481413427380005, guid: 0adc70832f4b98243ad7d0a38cc8a3cb,
        type: 3}
      propertyPath: m_LocalEulerAnglesHint.y
      value: 0
      objectReference: {fileID: 0}
    - target: {fileID: 507481413427380005, guid: 0adc70832f4b98243ad7d0a38cc8a3cb,
        type: 3}
      propertyPath: m_LocalEulerAnglesHint.z
      value: 0
      objectReference: {fileID: 0}
    - target: {fileID: 3553822176595758390, guid: 0adc70832f4b98243ad7d0a38cc8a3cb,
        type: 3}
      propertyPath: m_Name
      value: MoneyCrate
      objectReference: {fileID: 0}
    m_RemovedComponents: []
  m_SourcePrefab: {fileID: 100100000, guid: 0adc70832f4b98243ad7d0a38cc8a3cb, type: 3}
--- !u!4 &1686876562103752449 stripped
Transform:
  m_CorrespondingSourceObject: {fileID: 507481413427380005, guid: 0adc70832f4b98243ad7d0a38cc8a3cb,
    type: 3}
  m_PrefabInstance: {fileID: 1180526821063780388}
  m_PrefabAsset: {fileID: 0}
--- !u!1001 &1943650724430022971
PrefabInstance:
  m_ObjectHideFlags: 0
  serializedVersion: 2
  m_Modification:
    m_TransformParent: {fileID: 3911267993178400756}
    m_Modifications:
    - target: {fileID: -7924058933970399037, guid: 166fc7022dfc6e943bae561e4399a6ff,
        type: 3}
      propertyPath: m_Materials.Array.data[0]
      value: 
      objectReference: {fileID: 2100000, guid: 7c046a3069c27b44596fed03e47c0212, type: 2}
    - target: {fileID: -7849629387382624749, guid: 166fc7022dfc6e943bae561e4399a6ff,
        type: 3}
      propertyPath: m_Materials.Array.data[0]
      value: 
      objectReference: {fileID: 2100000, guid: 7c046a3069c27b44596fed03e47c0212, type: 2}
    - target: {fileID: -7696372633092248764, guid: 166fc7022dfc6e943bae561e4399a6ff,
        type: 3}
      propertyPath: m_Materials.Array.data[0]
      value: 
      objectReference: {fileID: 2100000, guid: 224363020c3eb204eab5502d3faa5c42, type: 2}
    - target: {fileID: -6540568175358577948, guid: 166fc7022dfc6e943bae561e4399a6ff,
        type: 3}
      propertyPath: m_Materials.Array.data[0]
      value: 
      objectReference: {fileID: 2100000, guid: 7c046a3069c27b44596fed03e47c0212, type: 2}
    - target: {fileID: -4216859302048453862, guid: 166fc7022dfc6e943bae561e4399a6ff,
        type: 3}
      propertyPath: m_LocalPosition.x
      value: -31.6
      objectReference: {fileID: 0}
    - target: {fileID: -4216859302048453862, guid: 166fc7022dfc6e943bae561e4399a6ff,
        type: 3}
      propertyPath: m_LocalPosition.y
      value: -0.099999905
      objectReference: {fileID: 0}
    - target: {fileID: -4216859302048453862, guid: 166fc7022dfc6e943bae561e4399a6ff,
        type: 3}
      propertyPath: m_LocalPosition.z
      value: 57.160095
      objectReference: {fileID: 0}
    - target: {fileID: -4216859302048453862, guid: 166fc7022dfc6e943bae561e4399a6ff,
        type: 3}
      propertyPath: m_LocalRotation.x
      value: -0
      objectReference: {fileID: 0}
    - target: {fileID: -4216859302048453862, guid: 166fc7022dfc6e943bae561e4399a6ff,
        type: 3}
      propertyPath: m_LocalRotation.y
      value: 0.58390814
      objectReference: {fileID: 0}
    - target: {fileID: -4216859302048453862, guid: 166fc7022dfc6e943bae561e4399a6ff,
        type: 3}
      propertyPath: m_LocalRotation.z
      value: -0
      objectReference: {fileID: 0}
    - target: {fileID: -4216859302048453862, guid: 166fc7022dfc6e943bae561e4399a6ff,
        type: 3}
      propertyPath: m_LocalRotation.w
      value: 0.81181973
      objectReference: {fileID: 0}
    - target: {fileID: -4216859302048453862, guid: 166fc7022dfc6e943bae561e4399a6ff,
        type: 3}
      propertyPath: m_RootOrder
      value: 2
      objectReference: {fileID: 0}
    - target: {fileID: -4216859302048453862, guid: 166fc7022dfc6e943bae561e4399a6ff,
        type: 3}
      propertyPath: m_LocalEulerAnglesHint.x
      value: 0
      objectReference: {fileID: 0}
    - target: {fileID: -4216859302048453862, guid: 166fc7022dfc6e943bae561e4399a6ff,
        type: 3}
      propertyPath: m_LocalEulerAnglesHint.y
      value: 71.452
      objectReference: {fileID: 0}
    - target: {fileID: -4216859302048453862, guid: 166fc7022dfc6e943bae561e4399a6ff,
        type: 3}
      propertyPath: m_LocalEulerAnglesHint.z
      value: 0
      objectReference: {fileID: 0}
    - target: {fileID: -3270360713005719909, guid: 166fc7022dfc6e943bae561e4399a6ff,
        type: 3}
      propertyPath: m_Materials.Array.data[0]
      value: 
      objectReference: {fileID: 2100000, guid: 0d2947a3790243f4ba73f8b795f578b9, type: 2}
    - target: {fileID: -927199367670048503, guid: 166fc7022dfc6e943bae561e4399a6ff,
        type: 3}
      propertyPath: m_Name
      value: TransporterGross
      objectReference: {fileID: 0}
    - target: {fileID: -583766926426023158, guid: 166fc7022dfc6e943bae561e4399a6ff,
        type: 3}
      propertyPath: m_Materials.Array.data[0]
      value: 
      objectReference: {fileID: 2100000, guid: 224363020c3eb204eab5502d3faa5c42, type: 2}
    - target: {fileID: 3888009044999685243, guid: 166fc7022dfc6e943bae561e4399a6ff,
        type: 3}
      propertyPath: m_IsActive
      value: 0
      objectReference: {fileID: 0}
    - target: {fileID: 5187616546212835487, guid: 166fc7022dfc6e943bae561e4399a6ff,
        type: 3}
      propertyPath: m_Materials.Array.data[0]
      value: 
      objectReference: {fileID: 2100000, guid: 7c046a3069c27b44596fed03e47c0212, type: 2}
    - target: {fileID: 8537785196093359383, guid: 166fc7022dfc6e943bae561e4399a6ff,
        type: 3}
      propertyPath: m_Materials.Array.data[0]
      value: 
      objectReference: {fileID: 2100000, guid: 7c046a3069c27b44596fed03e47c0212, type: 2}
    - target: {fileID: 8637358621891698834, guid: 166fc7022dfc6e943bae561e4399a6ff,
        type: 3}
      propertyPath: m_Materials.Array.data[0]
      value: 
      objectReference: {fileID: 2100000, guid: 7c046a3069c27b44596fed03e47c0212, type: 2}
    m_RemovedComponents: []
  m_SourcePrefab: {fileID: 100100000, guid: 166fc7022dfc6e943bae561e4399a6ff, type: 3}
--- !u!4 &6882495046861234721 stripped
Transform:
  m_CorrespondingSourceObject: {fileID: -4216859302048453862, guid: 166fc7022dfc6e943bae561e4399a6ff,
    type: 3}
  m_PrefabInstance: {fileID: 1943650724430022971}
  m_PrefabAsset: {fileID: 0}
--- !u!1001 &5577963175717571050
PrefabInstance:
  m_ObjectHideFlags: 0
  serializedVersion: 2
  m_Modification:
    m_TransformParent: {fileID: 3911267993178400756}
    m_Modifications:
    - target: {fileID: 507481413427380005, guid: 0adc70832f4b98243ad7d0a38cc8a3cb,
        type: 3}
      propertyPath: m_LocalPosition.x
      value: -36.299385
      objectReference: {fileID: 0}
    - target: {fileID: 507481413427380005, guid: 0adc70832f4b98243ad7d0a38cc8a3cb,
        type: 3}
      propertyPath: m_LocalPosition.y
      value: 2.26
      objectReference: {fileID: 0}
    - target: {fileID: 507481413427380005, guid: 0adc70832f4b98243ad7d0a38cc8a3cb,
        type: 3}
      propertyPath: m_LocalPosition.z
      value: 53.821926
      objectReference: {fileID: 0}
    - target: {fileID: 507481413427380005, guid: 0adc70832f4b98243ad7d0a38cc8a3cb,
        type: 3}
      propertyPath: m_LocalRotation.x
      value: -0
      objectReference: {fileID: 0}
    - target: {fileID: 507481413427380005, guid: 0adc70832f4b98243ad7d0a38cc8a3cb,
        type: 3}
      propertyPath: m_LocalRotation.y
      value: -0.27813104
      objectReference: {fileID: 0}
    - target: {fileID: 507481413427380005, guid: 0adc70832f4b98243ad7d0a38cc8a3cb,
        type: 3}
      propertyPath: m_LocalRotation.z
      value: -0
      objectReference: {fileID: 0}
    - target: {fileID: 507481413427380005, guid: 0adc70832f4b98243ad7d0a38cc8a3cb,
        type: 3}
      propertyPath: m_LocalRotation.w
      value: 0.96054316
      objectReference: {fileID: 0}
    - target: {fileID: 507481413427380005, guid: 0adc70832f4b98243ad7d0a38cc8a3cb,
        type: 3}
      propertyPath: m_RootOrder
      value: 4
      objectReference: {fileID: 0}
    - target: {fileID: 507481413427380005, guid: 0adc70832f4b98243ad7d0a38cc8a3cb,
        type: 3}
      propertyPath: m_LocalEulerAnglesHint.x
      value: 0
      objectReference: {fileID: 0}
    - target: {fileID: 507481413427380005, guid: 0adc70832f4b98243ad7d0a38cc8a3cb,
        type: 3}
      propertyPath: m_LocalEulerAnglesHint.y
      value: -32.297
      objectReference: {fileID: 0}
    - target: {fileID: 507481413427380005, guid: 0adc70832f4b98243ad7d0a38cc8a3cb,
        type: 3}
      propertyPath: m_LocalEulerAnglesHint.z
      value: 0
      objectReference: {fileID: 0}
    - target: {fileID: 3553822176595758390, guid: 0adc70832f4b98243ad7d0a38cc8a3cb,
        type: 3}
      propertyPath: m_Name
      value: MoneyCrate (1)
      objectReference: {fileID: 0}
    m_RemovedComponents: []
  m_SourcePrefab: {fileID: 100100000, guid: 0adc70832f4b98243ad7d0a38cc8a3cb, type: 3}
--- !u!4 &5359855699292108495 stripped
Transform:
  m_CorrespondingSourceObject: {fileID: 507481413427380005, guid: 0adc70832f4b98243ad7d0a38cc8a3cb,
    type: 3}
  m_PrefabInstance: {fileID: 5577963175717571050}
  m_PrefabAsset: {fileID: 0}
--- !u!1001 &8642630598800581596
PrefabInstance:
  m_ObjectHideFlags: 0
  serializedVersion: 2
  m_Modification:
    m_TransformParent: {fileID: 3911267993178400756}
    m_Modifications:
    - target: {fileID: 643301524058896195, guid: f52177b3a9ec15f4b92df75ca4e9c4bb,
        type: 3}
      propertyPath: m_LocalPosition.x
      value: -25.16295
      objectReference: {fileID: 0}
    - target: {fileID: 643301524058896195, guid: f52177b3a9ec15f4b92df75ca4e9c4bb,
        type: 3}
      propertyPath: m_LocalPosition.y
      value: -0.5799999
      objectReference: {fileID: 0}
    - target: {fileID: 643301524058896195, guid: f52177b3a9ec15f4b92df75ca4e9c4bb,
        type: 3}
      propertyPath: m_LocalPosition.z
      value: 50.59194
      objectReference: {fileID: 0}
    - target: {fileID: 643301524058896195, guid: f52177b3a9ec15f4b92df75ca4e9c4bb,
        type: 3}
      propertyPath: m_LocalRotation.x
      value: -0.6945566
      objectReference: {fileID: 0}
    - target: {fileID: 643301524058896195, guid: f52177b3a9ec15f4b92df75ca4e9c4bb,
        type: 3}
      propertyPath: m_LocalRotation.y
      value: -0.13263175
      objectReference: {fileID: 0}
    - target: {fileID: 643301524058896195, guid: f52177b3a9ec15f4b92df75ca4e9c4bb,
        type: 3}
      propertyPath: m_LocalRotation.z
      value: -0.13263175
      objectReference: {fileID: 0}
    - target: {fileID: 643301524058896195, guid: f52177b3a9ec15f4b92df75ca4e9c4bb,
        type: 3}
      propertyPath: m_LocalRotation.w
      value: 0.6945566
      objectReference: {fileID: 0}
    - target: {fileID: 643301524058896195, guid: f52177b3a9ec15f4b92df75ca4e9c4bb,
        type: 3}
      propertyPath: m_RootOrder
      value: 6
      objectReference: {fileID: 0}
    - target: {fileID: 643301524058896195, guid: f52177b3a9ec15f4b92df75ca4e9c4bb,
        type: 3}
      propertyPath: m_LocalEulerAnglesHint.x
      value: -90.00001
      objectReference: {fileID: 0}
    - target: {fileID: 643301524058896195, guid: f52177b3a9ec15f4b92df75ca4e9c4bb,
        type: 3}
      propertyPath: m_LocalEulerAnglesHint.y
      value: 0
      objectReference: {fileID: 0}
    - target: {fileID: 643301524058896195, guid: f52177b3a9ec15f4b92df75ca4e9c4bb,
        type: 3}
      propertyPath: m_LocalEulerAnglesHint.z
      value: -21.622002
      objectReference: {fileID: 0}
    - target: {fileID: 643301524058896195, guid: f52177b3a9ec15f4b92df75ca4e9c4bb,
        type: 3}
      propertyPath: m_LocalScale.x
      value: 1
      objectReference: {fileID: 0}
    - target: {fileID: 643301524058896195, guid: f52177b3a9ec15f4b92df75ca4e9c4bb,
        type: 3}
      propertyPath: m_LocalScale.y
      value: 1
      objectReference: {fileID: 0}
    - target: {fileID: 643301524058896195, guid: f52177b3a9ec15f4b92df75ca4e9c4bb,
        type: 3}
      propertyPath: m_LocalScale.z
      value: 1
      objectReference: {fileID: 0}
    - target: {fileID: 5995868232862320834, guid: f52177b3a9ec15f4b92df75ca4e9c4bb,
        type: 3}
      propertyPath: m_Name
      value: Transporter_motor_broken
      objectReference: {fileID: 0}
    m_RemovedComponents: []
  m_SourcePrefab: {fileID: 100100000, guid: f52177b3a9ec15f4b92df75ca4e9c4bb, type: 3}
--- !u!4 &9159686050372736159 stripped
Transform:
  m_CorrespondingSourceObject: {fileID: 643301524058896195, guid: f52177b3a9ec15f4b92df75ca4e9c4bb,
    type: 3}
  m_PrefabInstance: {fileID: 8642630598800581596}
  m_PrefabAsset: {fileID: 0}
--- !u!1001 &8696779927602992951
PrefabInstance:
  m_ObjectHideFlags: 0
  serializedVersion: 2
  m_Modification:
    m_TransformParent: {fileID: 3911267993178400756}
    m_Modifications:
    - target: {fileID: -4216859302048453862, guid: 6adf270e3b37d264b9e2ab951de1b4a7,
        type: 3}
      propertyPath: m_LocalPosition.x
      value: -0
      objectReference: {fileID: 0}
    - target: {fileID: -4216859302048453862, guid: 6adf270e3b37d264b9e2ab951de1b4a7,
        type: 3}
      propertyPath: m_LocalPosition.y
      value: 0
      objectReference: {fileID: 0}
    - target: {fileID: -4216859302048453862, guid: 6adf270e3b37d264b9e2ab951de1b4a7,
        type: 3}
      propertyPath: m_LocalPosition.z
      value: 0
      objectReference: {fileID: 0}
    - target: {fileID: -4216859302048453862, guid: 6adf270e3b37d264b9e2ab951de1b4a7,
        type: 3}
      propertyPath: m_LocalRotation.x
      value: -0.7071068
      objectReference: {fileID: 0}
    - target: {fileID: -4216859302048453862, guid: 6adf270e3b37d264b9e2ab951de1b4a7,
        type: 3}
      propertyPath: m_LocalRotation.y
      value: 0
      objectReference: {fileID: 0}
    - target: {fileID: -4216859302048453862, guid: 6adf270e3b37d264b9e2ab951de1b4a7,
        type: 3}
      propertyPath: m_LocalRotation.z
      value: 0
      objectReference: {fileID: 0}
    - target: {fileID: -4216859302048453862, guid: 6adf270e3b37d264b9e2ab951de1b4a7,
        type: 3}
      propertyPath: m_LocalRotation.w
      value: 0.7071068
      objectReference: {fileID: 0}
    - target: {fileID: -4216859302048453862, guid: 6adf270e3b37d264b9e2ab951de1b4a7,
        type: 3}
      propertyPath: m_RootOrder
      value: 0
      objectReference: {fileID: 0}
    - target: {fileID: -4216859302048453862, guid: 6adf270e3b37d264b9e2ab951de1b4a7,
        type: 3}
      propertyPath: m_LocalEulerAnglesHint.x
      value: -90
      objectReference: {fileID: 0}
    - target: {fileID: -4216859302048453862, guid: 6adf270e3b37d264b9e2ab951de1b4a7,
        type: 3}
      propertyPath: m_LocalEulerAnglesHint.y
      value: 0
      objectReference: {fileID: 0}
    - target: {fileID: -4216859302048453862, guid: 6adf270e3b37d264b9e2ab951de1b4a7,
        type: 3}
      propertyPath: m_LocalEulerAnglesHint.z
      value: 0
      objectReference: {fileID: 0}
    - target: {fileID: -4216859302048453862, guid: 6adf270e3b37d264b9e2ab951de1b4a7,
        type: 3}
      propertyPath: m_LocalScale.x
      value: 1
      objectReference: {fileID: 0}
    - target: {fileID: -927199367670048503, guid: 6adf270e3b37d264b9e2ab951de1b4a7,
        type: 3}
      propertyPath: m_Name
      value: "Stra\xDFe"
      objectReference: {fileID: 0}
    m_RemovedComponents: []
  m_SourcePrefab: {fileID: 100100000, guid: 6adf270e3b37d264b9e2ab951de1b4a7, type: 3}
--- !u!4 &4452828074913807405 stripped
Transform:
  m_CorrespondingSourceObject: {fileID: -4216859302048453862, guid: 6adf270e3b37d264b9e2ab951de1b4a7,
    type: 3}
  m_PrefabInstance: {fileID: 8696779927602992951}
  m_PrefabAsset: {fileID: 0}
