%YAML 1.1
%TAG !u! tag:unity3d.com,2011:
--- !u!1 &550557261141242760
GameObject:
  m_ObjectHideFlags: 0
  m_CorrespondingSourceObject: {fileID: 0}
  m_PrefabInstance: {fileID: 0}
  m_PrefabAsset: {fileID: 0}
  serializedVersion: 6
  m_Component:
  - component: {fileID: 8615985038766872381}
  - component: {fileID: 5853353899773635136}
  - component: {fileID: 7122141246400622754}
  m_Layer: 0
  m_Name: BridgePoint2
  m_TagString: Untagged
  m_Icon: {fileID: 0}
  m_NavMeshLayer: 0
  m_StaticEditorFlags: 0
  m_IsActive: 1
--- !u!4 &8615985038766872381
Transform:
  m_ObjectHideFlags: 0
  m_CorrespondingSourceObject: {fileID: 0}
  m_PrefabInstance: {fileID: 0}
  m_PrefabAsset: {fileID: 0}
  m_GameObject: {fileID: 550557261141242760}
  m_LocalRotation: {x: 0, y: 0, z: 0, w: 1}
  m_LocalPosition: {x: -1.23, y: 1.02, z: 1.03}
  m_LocalScale: {x: 1, y: 1, z: 1}
  m_Children: []
  m_Father: {fileID: 1413264089046703942}
  m_RootOrder: 1
  m_LocalEulerAnglesHint: {x: 0, y: 0, z: 0}
--- !u!114 &5853353899773635136
MonoBehaviour:
  m_ObjectHideFlags: 0
  m_CorrespondingSourceObject: {fileID: 0}
  m_PrefabInstance: {fileID: 0}
  m_PrefabAsset: {fileID: 0}
  m_GameObject: {fileID: 550557261141242760}
  m_Enabled: 1
  m_EditorHideFlags: 0
  m_Script: {fileID: 11500000, guid: 3429a91e42f93804cad31a7a7a9e68f1, type: 3}
  m_Name: 
  m_EditorClassIdentifier: 
  bridgePrefab: {fileID: 4689125713208121161, guid: 5bf3b292ebe5a904c96b164a983e23a2,
    type: 3}
  carController: {fileID: 6479661776430211523}
--- !u!65 &7122141246400622754
BoxCollider:
  m_ObjectHideFlags: 0
  m_CorrespondingSourceObject: {fileID: 0}
  m_PrefabInstance: {fileID: 0}
  m_PrefabAsset: {fileID: 0}
  m_GameObject: {fileID: 550557261141242760}
  m_Material: {fileID: 0}
  m_IsTrigger: 1
  m_Enabled: 1
  serializedVersion: 2
  m_Size: {x: 0.43857896, y: 1.4909296, z: 0.6786032}
  m_Center: {x: -0.009747207, y: 0.2454648, z: -1.550786}
--- !u!1 &674377565486150121
GameObject:
  m_ObjectHideFlags: 0
  m_CorrespondingSourceObject: {fileID: 0}
  m_PrefabInstance: {fileID: 0}
  m_PrefabAsset: {fileID: 0}
  serializedVersion: 6
  m_Component:
  - component: {fileID: 8962188112424381885}
  m_Layer: 0
  m_Name: SpawnPoint4
  m_TagString: Untagged
  m_Icon: {fileID: 0}
  m_NavMeshLayer: 0
  m_StaticEditorFlags: 0
  m_IsActive: 1
--- !u!4 &8962188112424381885
Transform:
  m_ObjectHideFlags: 0
  m_CorrespondingSourceObject: {fileID: 0}
  m_PrefabInstance: {fileID: 0}
  m_PrefabAsset: {fileID: 0}
  m_GameObject: {fileID: 674377565486150121}
  m_LocalRotation: {x: 0, y: 0, z: 0, w: 1}
  m_LocalPosition: {x: -0.639, y: 1.07, z: -1.22}
  m_LocalScale: {x: 1, y: 1, z: 1}
  m_Children: []
  m_Father: {fileID: 7897042486383798279}
  m_RootOrder: 3
  m_LocalEulerAnglesHint: {x: 0, y: 0, z: 0}
--- !u!1 &2490001269828146030
GameObject:
  m_ObjectHideFlags: 0
  m_CorrespondingSourceObject: {fileID: 0}
  m_PrefabInstance: {fileID: 0}
  m_PrefabAsset: {fileID: 0}
  serializedVersion: 6
  m_Component:
  - component: {fileID: 3994282897599476661}
  - component: {fileID: 3106577521827351141}
  - component: {fileID: 3769266805312419095}
  m_Layer: 0
  m_Name: BridgePoint3
  m_TagString: Untagged
  m_Icon: {fileID: 0}
  m_NavMeshLayer: 0
  m_StaticEditorFlags: 0
  m_IsActive: 1
--- !u!4 &3994282897599476661
Transform:
  m_ObjectHideFlags: 0
  m_CorrespondingSourceObject: {fileID: 0}
  m_PrefabInstance: {fileID: 0}
  m_PrefabAsset: {fileID: 0}
  m_GameObject: {fileID: 2490001269828146030}
  m_LocalRotation: {x: 0, y: 0, z: 0, w: 1}
  m_LocalPosition: {x: 0, y: 1.02, z: -0.74}
  m_LocalScale: {x: 1, y: 1, z: 1}
  m_Children: []
  m_Father: {fileID: 1413264089046703942}
  m_RootOrder: 2
  m_LocalEulerAnglesHint: {x: 0, y: 0, z: 0}
--- !u!114 &3106577521827351141
MonoBehaviour:
  m_ObjectHideFlags: 0
  m_CorrespondingSourceObject: {fileID: 0}
  m_PrefabInstance: {fileID: 0}
  m_PrefabAsset: {fileID: 0}
  m_GameObject: {fileID: 2490001269828146030}
  m_Enabled: 1
  m_EditorHideFlags: 0
  m_Script: {fileID: 11500000, guid: 3429a91e42f93804cad31a7a7a9e68f1, type: 3}
  m_Name: 
  m_EditorClassIdentifier: 
  bridgePrefab: {fileID: 4689125713208121161, guid: 5bf3b292ebe5a904c96b164a983e23a2,
    type: 3}
  carController: {fileID: 6479661776430211523}
--- !u!65 &3769266805312419095
BoxCollider:
  m_ObjectHideFlags: 0
  m_CorrespondingSourceObject: {fileID: 0}
  m_PrefabInstance: {fileID: 0}
  m_PrefabAsset: {fileID: 0}
  m_GameObject: {fileID: 2490001269828146030}
  m_Material: {fileID: 0}
  m_IsTrigger: 1
  m_Enabled: 1
  serializedVersion: 2
  m_Size: {x: 0.6001358, y: 1.4909296, z: 0.6786032}
  m_Center: {x: 0.033748865, y: 0.2454648, z: -1.550786}
--- !u!1 &2618846739942867461
GameObject:
  m_ObjectHideFlags: 0
  m_CorrespondingSourceObject: {fileID: 0}
  m_PrefabInstance: {fileID: 0}
  m_PrefabAsset: {fileID: 0}
  serializedVersion: 6
  m_Component:
  - component: {fileID: 8140977856887207648}
  - component: {fileID: 5637091920314599718}
  m_Layer: 0
  m_Name: FrontCollider
  m_TagString: Untagged
  m_Icon: {fileID: 0}
  m_NavMeshLayer: 0
  m_StaticEditorFlags: 0
  m_IsActive: 1
--- !u!4 &8140977856887207648
Transform:
  m_ObjectHideFlags: 0
  m_CorrespondingSourceObject: {fileID: 0}
  m_PrefabInstance: {fileID: 0}
  m_PrefabAsset: {fileID: 0}
  m_GameObject: {fileID: 2618846739942867461}
  m_LocalRotation: {x: -0, y: -0, z: -0, w: 1}
  m_LocalPosition: {x: 0, y: 0, z: 1.93}
  m_LocalScale: {x: 1, y: 1, z: 1}
  m_Children: []
  m_Father: {fileID: 6479661776430211521}
  m_RootOrder: 3
  m_LocalEulerAnglesHint: {x: 0, y: 0, z: 0}
--- !u!65 &5637091920314599718
BoxCollider:
  m_ObjectHideFlags: 0
  m_CorrespondingSourceObject: {fileID: 0}
  m_PrefabInstance: {fileID: 0}
  m_PrefabAsset: {fileID: 0}
  m_GameObject: {fileID: 2618846739942867461}
  m_Material: {fileID: 0}
  m_IsTrigger: 0
  m_Enabled: 1
  serializedVersion: 2
  m_Size: {x: 2.6523738, y: 2.4064875, z: 0.9499283}
  m_Center: {x: 0.0000006556511, y: 1.8048253, z: 0.10014343}
--- !u!65 &6479661777003166786
BoxCollider:
  m_ObjectHideFlags: 0
  m_CorrespondingSourceObject: {fileID: 0}
  m_PrefabInstance: {fileID: 0}
  m_PrefabAsset: {fileID: 0}
  m_GameObject: {fileID: 3084278654620689734}
  m_Material: {fileID: 13400000, guid: ff5417f16c1f4a642aae6d6b30311db0, type: 2}
  m_IsTrigger: 0
  m_Enabled: 1
  serializedVersion: 2
  m_Size: {x: 6.786329, y: 1.3488249, z: 14.504967}
  m_Center: {x: 0, y: 1.7882483, z: 0.25701368}
--- !u!1 &3234699486624953513
GameObject:
  m_ObjectHideFlags: 0
  m_CorrespondingSourceObject: {fileID: 0}
  m_PrefabInstance: {fileID: 0}
  m_PrefabAsset: {fileID: 0}
  serializedVersion: 6
  m_Component:
  - component: {fileID: 1413264089046703942}
  m_Layer: 0
  m_Name: BridgePoints
  m_TagString: Untagged
  m_Icon: {fileID: 0}
  m_NavMeshLayer: 0
  m_StaticEditorFlags: 0
  m_IsActive: 1
--- !u!4 &1413264089046703942
Transform:
  m_ObjectHideFlags: 0
  m_CorrespondingSourceObject: {fileID: 0}
  m_PrefabInstance: {fileID: 0}
  m_PrefabAsset: {fileID: 0}
  m_GameObject: {fileID: 3234699486624953513}
  m_LocalRotation: {x: -0, y: -0, z: -0, w: 1}
  m_LocalPosition: {x: 0, y: 0, z: 0}
  m_LocalScale: {x: 1, y: 1, z: 1}
  m_Children:
  - {fileID: 1324074166694428183}
  - {fileID: 8615985038766872381}
  - {fileID: 3994282897599476661}
  m_Father: {fileID: 6479661776430211521}
  m_RootOrder: 2
  m_LocalEulerAnglesHint: {x: 0, y: 0, z: 0}
--- !u!136 &7284648968134529450
CapsuleCollider:
  m_ObjectHideFlags: 0
  m_CorrespondingSourceObject: {fileID: 0}
  m_PrefabInstance: {fileID: 0}
  m_PrefabAsset: {fileID: 0}
  m_GameObject: {fileID: 3783001601363680194}
  m_Material: {fileID: 13400000, guid: 6279d520ab6eb1f498150cf4108101be, type: 2}
  m_IsTrigger: 0
  m_Enabled: 1
  m_Radius: 1
  m_Height: 7.762387
  m_Direction: 1
  m_Center: {x: 0.000001862133, y: 2.984806, z: 5.14857e-15}
--- !u!1 &4124880440066450580
GameObject:
  m_ObjectHideFlags: 0
  m_CorrespondingSourceObject: {fileID: 0}
  m_PrefabInstance: {fileID: 0}
  m_PrefabAsset: {fileID: 0}
  serializedVersion: 6
  m_Component:
  - component: {fileID: 4038865874827834136}
  m_Layer: 0
  m_Name: SpawnPoint3
  m_TagString: Untagged
  m_Icon: {fileID: 0}
  m_NavMeshLayer: 0
  m_StaticEditorFlags: 0
  m_IsActive: 1
--- !u!4 &4038865874827834136
Transform:
  m_ObjectHideFlags: 0
  m_CorrespondingSourceObject: {fileID: 0}
  m_PrefabInstance: {fileID: 0}
  m_PrefabAsset: {fileID: 0}
  m_GameObject: {fileID: 4124880440066450580}
  m_LocalRotation: {x: 0, y: 0, z: 0, w: 1}
  m_LocalPosition: {x: -0.639, y: 1.07, z: -1.22}
  m_LocalScale: {x: 1, y: 1, z: 1}
  m_Children: []
  m_Father: {fileID: 7897042486383798279}
  m_RootOrder: 2
  m_LocalEulerAnglesHint: {x: 0, y: 0, z: 0}
--- !u!1 &4574024150682018211
GameObject:
  m_ObjectHideFlags: 0
  m_CorrespondingSourceObject: {fileID: 0}
  m_PrefabInstance: {fileID: 0}
  m_PrefabAsset: {fileID: 0}
  serializedVersion: 6
  m_Component:
  - component: {fileID: 7897042486383798279}
  m_Layer: 0
  m_Name: SpawnPoints
  m_TagString: Untagged
  m_Icon: {fileID: 0}
  m_NavMeshLayer: 0
  m_StaticEditorFlags: 0
  m_IsActive: 1
--- !u!4 &7897042486383798279
Transform:
  m_ObjectHideFlags: 0
  m_CorrespondingSourceObject: {fileID: 0}
  m_PrefabInstance: {fileID: 0}
  m_PrefabAsset: {fileID: 0}
  m_GameObject: {fileID: 4574024150682018211}
  m_LocalRotation: {x: 0, y: 0, z: 0, w: 1}
  m_LocalPosition: {x: 0, y: 0, z: 0}
  m_LocalScale: {x: 1, y: 1, z: 1}
  m_Children:
  - {fileID: 1722163950477560534}
  - {fileID: 1747249095910384736}
  - {fileID: 4038865874827834136}
  - {fileID: 8962188112424381885}
  m_Father: {fileID: 6479661776430211521}
  m_RootOrder: 1
  m_LocalEulerAnglesHint: {x: 0, y: 0, z: 0}
--- !u!1 &5704268424070564254
GameObject:
  m_ObjectHideFlags: 0
  m_CorrespondingSourceObject: {fileID: 0}
  m_PrefabInstance: {fileID: 0}
  m_PrefabAsset: {fileID: 0}
  serializedVersion: 6
  m_Component:
  - component: {fileID: 1324074166694428183}
  - component: {fileID: 2825512559337553709}
  - component: {fileID: 483872521362554167}
  m_Layer: 0
  m_Name: BridgePoint1
  m_TagString: Untagged
  m_Icon: {fileID: 0}
  m_NavMeshLayer: 0
  m_StaticEditorFlags: 0
  m_IsActive: 1
--- !u!4 &1324074166694428183
Transform:
  m_ObjectHideFlags: 0
  m_CorrespondingSourceObject: {fileID: 0}
  m_PrefabInstance: {fileID: 0}
  m_PrefabAsset: {fileID: 0}
  m_GameObject: {fileID: 5704268424070564254}
  m_LocalRotation: {x: 0, y: 0, z: 0, w: 1}
  m_LocalPosition: {x: 1.23, y: 1.02, z: 1.03}
  m_LocalScale: {x: 1, y: 1, z: 1}
  m_Children: []
  m_Father: {fileID: 1413264089046703942}
  m_RootOrder: 0
  m_LocalEulerAnglesHint: {x: 0, y: 0, z: 0}
--- !u!114 &2825512559337553709
MonoBehaviour:
  m_ObjectHideFlags: 0
  m_CorrespondingSourceObject: {fileID: 0}
  m_PrefabInstance: {fileID: 0}
  m_PrefabAsset: {fileID: 0}
  m_GameObject: {fileID: 5704268424070564254}
  m_Enabled: 1
  m_EditorHideFlags: 0
  m_Script: {fileID: 11500000, guid: 3429a91e42f93804cad31a7a7a9e68f1, type: 3}
  m_Name: 
  m_EditorClassIdentifier: 
  bridgePrefab: {fileID: 4689125713208121161, guid: 5bf3b292ebe5a904c96b164a983e23a2,
    type: 3}
  carController: {fileID: 6479661776430211523}
--- !u!65 &483872521362554167
BoxCollider:
  m_ObjectHideFlags: 0
  m_CorrespondingSourceObject: {fileID: 0}
  m_PrefabInstance: {fileID: 0}
  m_PrefabAsset: {fileID: 0}
  m_GameObject: {fileID: 5704268424070564254}
  m_Material: {fileID: 0}
  m_IsTrigger: 1
  m_Enabled: 1
  serializedVersion: 2
  m_Size: {x: 0.43857896, y: 1.4909296, z: 0.6786032}
  m_Center: {x: -0.009747207, y: 0.2454648, z: -1.550786}
--- !u!1 &6479661776430211520
GameObject:
  m_ObjectHideFlags: 0
  m_CorrespondingSourceObject: {fileID: 0}
  m_PrefabInstance: {fileID: 0}
  m_PrefabAsset: {fileID: 0}
  serializedVersion: 6
  m_Component:
  - component: {fileID: 6479661776430211521}
  - component: {fileID: 6479661776430211523}
  - component: {fileID: 6479661776430211522}
  - component: {fileID: 1114788731703939145}
  - component: {fileID: -5930361313885547793}
  - component: {fileID: 6790135020404625619}
  m_Layer: 0
  m_Name: Car1
  m_TagString: Car
  m_Icon: {fileID: 0}
  m_NavMeshLayer: 0
  m_StaticEditorFlags: 0
  m_IsActive: 1
--- !u!4 &6479661776430211521
Transform:
  m_ObjectHideFlags: 0
  m_CorrespondingSourceObject: {fileID: 0}
  m_PrefabInstance: {fileID: 0}
  m_PrefabAsset: {fileID: 0}
  m_GameObject: {fileID: 6479661776430211520}
  m_LocalRotation: {x: 0, y: 0, z: 0, w: 1}
  m_LocalPosition: {x: 0, y: 0, z: 6.68}
  m_LocalScale: {x: 1, y: 1, z: 1}
  m_Children:
  - {fileID: 2060070002700752725}
  - {fileID: 7897042486383798279}
  - {fileID: 1413264089046703942}
  - {fileID: 8140977856887207648}
  m_Father: {fileID: 0}
  m_RootOrder: 0
  m_LocalEulerAnglesHint: {x: 0, y: 0, z: 0}
--- !u!114 &6479661776430211523
MonoBehaviour:
  m_ObjectHideFlags: 0
  m_CorrespondingSourceObject: {fileID: 0}
  m_PrefabInstance: {fileID: 0}
  m_PrefabAsset: {fileID: 0}
  m_GameObject: {fileID: 6479661776430211520}
  m_Enabled: 1
  m_EditorHideFlags: 0
  m_Script: {fileID: 11500000, guid: 31e55e74230f3b14b907fc5ea341d090, type: 3}
  m_Name: 
  m_EditorClassIdentifier: 
  OnFallOut:
    m_PersistentCalls:
      m_Calls:
      - m_Target: {fileID: 6479661776430211523}
        m_MethodName: Destroy
        m_Mode: 1
        m_Arguments:
          m_ObjectArgument: {fileID: 0}
          m_ObjectArgumentAssemblyTypeName: UnityEngine.Object, UnityEngine
          m_IntArgument: 0
          m_FloatArgument: 0
          m_StringArgument: 
          m_BoolArgument: 0
        m_CallState: 2
  rigidBodo: {fileID: 6479661776430211522}
  behaviour: {fileID: 11400000, guid: e9f9003ab7dd85949abf9c2e807c43fa, type: 2}
  passengerEjectAnimationCurve:
    serializedVersion: 2
    m_Curve:
    - serializedVersion: 3
      time: 0.00080321287
      value: -0
      inSlope: 5.27032
      outSlope: 5.27032
      tangentMode: 0
      weightedMode: 0
      inWeight: 0.33333334
      outWeight: 0.062751405
    - serializedVersion: 3
      time: 0.5
      value: 1
      inSlope: 0
      outSlope: 0
      tangentMode: 136
      weightedMode: 0
      inWeight: 0.33333334
      outWeight: 0.33333334
    - serializedVersion: 3
      time: 1
      value: 0
      inSlope: -5.413837
      outSlope: -5.413837
      tangentMode: 0
      weightedMode: 0
      inWeight: 0.05140567
      outWeight: 0.33333334
    m_PreInfinity: 2
    m_PostInfinity: 2
    m_RotationOrder: 4
  spawnPoints:
  - {fileID: 1722163950477560534}
  - {fileID: 1747249095910384736}
  - {fileID: 4038865874827834136}
  - {fileID: 8962188112424381885}
  audioData: {fileID: 6790135020404625619}
  carHealth: 50000
  impactEffectPrefab: {fileID: 2622873243638594775, guid: c6763502fbe511c4ab75d1aad66d12e9,
    type: 3}
  destroyedPrefab: {fileID: 1724672455300048380, guid: d330e07ac232b354dbca09da9b3de865,
    type: 3}
  other: {fileID: 0}
--- !u!54 &6479661776430211522
Rigidbody:
  m_ObjectHideFlags: 0
  m_CorrespondingSourceObject: {fileID: 0}
  m_PrefabInstance: {fileID: 0}
  m_PrefabAsset: {fileID: 0}
  m_GameObject: {fileID: 6479661776430211520}
  serializedVersion: 2
  m_Mass: 700
  m_Drag: 0
  m_AngularDrag: 53.76
  m_UseGravity: 1
  m_IsKinematic: 0
  m_Interpolate: 1
  m_Constraints: 0
  m_CollisionDetection: 0
--- !u!114 &1114788731703939145
MonoBehaviour:
  m_ObjectHideFlags: 0
  m_CorrespondingSourceObject: {fileID: 0}
  m_PrefabInstance: {fileID: 0}
  m_PrefabAsset: {fileID: 0}
  m_GameObject: {fileID: 6479661776430211520}
  m_Enabled: 1
  m_EditorHideFlags: 0
  m_Script: {fileID: 11500000, guid: 3ce0635208a4a0a43acd3259e06fe853, type: 3}
  m_Name: 
  m_EditorClassIdentifier: 
--- !u!82 &-5930361313885547793
AudioSource:
  m_ObjectHideFlags: 0
  m_CorrespondingSourceObject: {fileID: 0}
  m_PrefabInstance: {fileID: 0}
  m_PrefabAsset: {fileID: 0}
  m_GameObject: {fileID: 6479661776430211520}
  m_Enabled: 1
  serializedVersion: 4
  OutputAudioMixerGroup: {fileID: 0}
  m_audioClip: {fileID: 8300000, guid: b8e7e80f38688384f9c96e274bcfffbd, type: 3}
  m_PlayOnAwake: 1
  m_Volume: 0.1
  m_Pitch: 1
  Loop: 0
  Mute: 0
  Spatialize: 0
  SpatializePostEffects: 0
  Priority: 128
  DopplerLevel: 1
  MinDistance: 1
  MaxDistance: 500
  Pan2D: 0
  rolloffMode: 0
  BypassEffects: 0
  BypassListenerEffects: 0
  BypassReverbZones: 0
  rolloffCustomCurve:
    serializedVersion: 2
    m_Curve:
    - serializedVersion: 3
      time: 0
      value: 1
      inSlope: 0
      outSlope: 0
      tangentMode: 0
      weightedMode: 0
      inWeight: 0.33333334
      outWeight: 0.33333334
    - serializedVersion: 3
      time: 1
      value: 0
      inSlope: 0
      outSlope: 0
      tangentMode: 0
      weightedMode: 0
      inWeight: 0.33333334
      outWeight: 0.33333334
    m_PreInfinity: 2
    m_PostInfinity: 2
    m_RotationOrder: 4
  panLevelCustomCurve:
    serializedVersion: 2
    m_Curve:
    - serializedVersion: 3
      time: 0
      value: 0
      inSlope: 0
      outSlope: 0
      tangentMode: 0
      weightedMode: 0
      inWeight: 0.33333334
      outWeight: 0.33333334
    m_PreInfinity: 2
    m_PostInfinity: 2
    m_RotationOrder: 4
  spreadCustomCurve:
    serializedVersion: 2
    m_Curve:
    - serializedVersion: 3
      time: 0
      value: 0
      inSlope: 0
      outSlope: 0
      tangentMode: 0
      weightedMode: 0
      inWeight: 0.33333334
      outWeight: 0.33333334
    m_PreInfinity: 2
    m_PostInfinity: 2
    m_RotationOrder: 4
  reverbZoneMixCustomCurve:
    serializedVersion: 2
    m_Curve:
    - serializedVersion: 3
      time: 0
      value: 1
      inSlope: 0
      outSlope: 0
      tangentMode: 0
      weightedMode: 0
      inWeight: 0.33333334
      outWeight: 0.33333334
    m_PreInfinity: 2
    m_PostInfinity: 2
    m_RotationOrder: 4
--- !u!82 &6790135020404625619
AudioSource:
  m_ObjectHideFlags: 0
  m_CorrespondingSourceObject: {fileID: 0}
  m_PrefabInstance: {fileID: 0}
  m_PrefabAsset: {fileID: 0}
  m_GameObject: {fileID: 6479661776430211520}
  m_Enabled: 1
  serializedVersion: 4
  OutputAudioMixerGroup: {fileID: 0}
  m_audioClip: {fileID: 8300000, guid: 51cf59777f7e2d547b00787bc9aff400, type: 3}
  m_PlayOnAwake: 1
  m_Volume: 0.3
  m_Pitch: 1
  Loop: 0
  Mute: 0
  Spatialize: 0
  SpatializePostEffects: 0
  Priority: 128
  DopplerLevel: 1
  MinDistance: 1
  MaxDistance: 500
  Pan2D: 0
  rolloffMode: 0
  BypassEffects: 0
  BypassListenerEffects: 0
  BypassReverbZones: 0
  rolloffCustomCurve:
    serializedVersion: 2
    m_Curve:
    - serializedVersion: 3
      time: 0
      value: 1
      inSlope: 0
      outSlope: 0
      tangentMode: 0
      weightedMode: 0
      inWeight: 0.33333334
      outWeight: 0.33333334
    - serializedVersion: 3
      time: 1
      value: 0
      inSlope: 0
      outSlope: 0
      tangentMode: 0
      weightedMode: 0
      inWeight: 0.33333334
      outWeight: 0.33333334
    m_PreInfinity: 2
    m_PostInfinity: 2
    m_RotationOrder: 4
  panLevelCustomCurve:
    serializedVersion: 2
    m_Curve:
    - serializedVersion: 3
      time: 0
      value: 0
      inSlope: 0
      outSlope: 0
      tangentMode: 0
      weightedMode: 0
      inWeight: 0.33333334
      outWeight: 0.33333334
    m_PreInfinity: 2
    m_PostInfinity: 2
    m_RotationOrder: 4
  spreadCustomCurve:
    serializedVersion: 2
    m_Curve:
    - serializedVersion: 3
      time: 0
      value: 0
      inSlope: 0
      outSlope: 0
      tangentMode: 0
      weightedMode: 0
      inWeight: 0.33333334
      outWeight: 0.33333334
    m_PreInfinity: 2
    m_PostInfinity: 2
    m_RotationOrder: 4
  reverbZoneMixCustomCurve:
    serializedVersion: 2
    m_Curve:
    - serializedVersion: 3
      time: 0
      value: 1
      inSlope: 0
      outSlope: 0
      tangentMode: 0
      weightedMode: 0
      inWeight: 0.33333334
      outWeight: 0.33333334
    m_PreInfinity: 2
    m_PostInfinity: 2
    m_RotationOrder: 4
--- !u!136 &5402727238772938264
CapsuleCollider:
  m_ObjectHideFlags: 0
  m_CorrespondingSourceObject: {fileID: 0}
  m_PrefabInstance: {fileID: 0}
  m_PrefabAsset: {fileID: 0}
  m_GameObject: {fileID: 7059380939894679227}
  m_Material: {fileID: 13400000, guid: 6279d520ab6eb1f498150cf4108101be, type: 2}
  m_IsTrigger: 0
  m_Enabled: 1
  m_Radius: 1
  m_Height: 7.762387
  m_Direction: 1
  m_Center: {x: 0.000001862133, y: 2.984806, z: 5.14857e-15}
--- !u!1 &8159097333274635569
GameObject:
  m_ObjectHideFlags: 0
  m_CorrespondingSourceObject: {fileID: 0}
  m_PrefabInstance: {fileID: 0}
  m_PrefabAsset: {fileID: 0}
  serializedVersion: 6
  m_Component:
  - component: {fileID: 1747249095910384736}
  m_Layer: 0
  m_Name: SpawnPoint2
  m_TagString: Untagged
  m_Icon: {fileID: 0}
  m_NavMeshLayer: 0
  m_StaticEditorFlags: 0
  m_IsActive: 1
--- !u!4 &1747249095910384736
Transform:
  m_ObjectHideFlags: 0
  m_CorrespondingSourceObject: {fileID: 0}
  m_PrefabInstance: {fileID: 0}
  m_PrefabAsset: {fileID: 0}
  m_GameObject: {fileID: 8159097333274635569}
  m_LocalRotation: {x: 0, y: 0, z: 0, w: 1}
  m_LocalPosition: {x: -0.639, y: 1.07, z: 0.24}
  m_LocalScale: {x: 1, y: 1, z: 1}
  m_Children: []
  m_Father: {fileID: 7897042486383798279}
  m_RootOrder: 1
  m_LocalEulerAnglesHint: {x: 0, y: 0, z: 0}
--- !u!1 &9156925750040932748
GameObject:
  m_ObjectHideFlags: 0
  m_CorrespondingSourceObject: {fileID: 0}
  m_PrefabInstance: {fileID: 0}
  m_PrefabAsset: {fileID: 0}
  serializedVersion: 6
  m_Component:
  - component: {fileID: 1722163950477560534}
  m_Layer: 0
  m_Name: SpawnPoint1
  m_TagString: Untagged
  m_Icon: {fileID: 0}
  m_NavMeshLayer: 0
  m_StaticEditorFlags: 0
  m_IsActive: 1
--- !u!4 &1722163950477560534
Transform:
  m_ObjectHideFlags: 0
  m_CorrespondingSourceObject: {fileID: 0}
  m_PrefabInstance: {fileID: 0}
  m_PrefabAsset: {fileID: 0}
  m_GameObject: {fileID: 9156925750040932748}
  m_LocalRotation: {x: 0, y: 0, z: 0, w: 1}
  m_LocalPosition: {x: -0.639, y: 1.07, z: 0.24}
  m_LocalScale: {x: 1, y: 1, z: 1}
  m_Children: []
  m_Father: {fileID: 7897042486383798279}
  m_RootOrder: 0
  m_LocalEulerAnglesHint: {x: 0, y: 0, z: 0}
--- !u!1001 &6479661777003166799
PrefabInstance:
  m_ObjectHideFlags: 0
  serializedVersion: 2
  m_Modification:
    m_TransformParent: {fileID: 6479661776430211521}
    m_Modifications:
    - target: {fileID: -7808381318373605236, guid: 50a64b3e1eead7b4187e86f7b6fd25da,
        type: 3}
      propertyPath: m_Enabled
      value: 0
      objectReference: {fileID: 0}
    - target: {fileID: -7696372633092248764, guid: 50a64b3e1eead7b4187e86f7b6fd25da,
        type: 3}
      propertyPath: m_Materials.Array.data[0]
      value: 
      objectReference: {fileID: 2100000, guid: 224363020c3eb204eab5502d3faa5c42, type: 2}
    - target: {fileID: -7696372633092248764, guid: 50a64b3e1eead7b4187e86f7b6fd25da,
        type: 3}
      propertyPath: m_Materials.Array.data[1]
      value: 
      objectReference: {fileID: 2100000, guid: 7c046a3069c27b44596fed03e47c0212, type: 2}
    - target: {fileID: -7521214134985992077, guid: 50a64b3e1eead7b4187e86f7b6fd25da,
        type: 3}
      propertyPath: m_Enabled
      value: 0
      objectReference: {fileID: 0}
    - target: {fileID: -6892696886309467972, guid: 50a64b3e1eead7b4187e86f7b6fd25da,
        type: 3}
      propertyPath: m_Materials.Array.data[0]
      value: 
      objectReference: {fileID: 2100000, guid: 224363020c3eb204eab5502d3faa5c42, type: 2}
    - target: {fileID: -6020967812362280255, guid: 50a64b3e1eead7b4187e86f7b6fd25da,
        type: 3}
      propertyPath: m_Materials.Array.data[1]
      value: 
      objectReference: {fileID: 2100000, guid: 0d2947a3790243f4ba73f8b795f578b9, type: 2}
    - target: {fileID: -6020967812362280255, guid: 50a64b3e1eead7b4187e86f7b6fd25da,
        type: 3}
      propertyPath: m_Materials.Array.data[0]
      value: 
      objectReference: {fileID: 2100000, guid: 7c046a3069c27b44596fed03e47c0212, type: 2}
    - target: {fileID: -5650195715918005055, guid: 50a64b3e1eead7b4187e86f7b6fd25da,
        type: 3}
      propertyPath: m_Materials.Array.data[1]
      value: 
      objectReference: {fileID: 2100000, guid: 0d2947a3790243f4ba73f8b795f578b9, type: 2}
    - target: {fileID: -5650195715918005055, guid: 50a64b3e1eead7b4187e86f7b6fd25da,
        type: 3}
      propertyPath: m_Materials.Array.data[0]
      value: 
      objectReference: {fileID: 2100000, guid: 7c046a3069c27b44596fed03e47c0212, type: 2}
    - target: {fileID: -4216859302048453862, guid: 50a64b3e1eead7b4187e86f7b6fd25da,
        type: 3}
      propertyPath: m_LocalPosition.x
      value: 0
      objectReference: {fileID: 0}
    - target: {fileID: -4216859302048453862, guid: 50a64b3e1eead7b4187e86f7b6fd25da,
        type: 3}
      propertyPath: m_LocalPosition.y
      value: 0
      objectReference: {fileID: 0}
    - target: {fileID: -4216859302048453862, guid: 50a64b3e1eead7b4187e86f7b6fd25da,
        type: 3}
      propertyPath: m_LocalPosition.z
      value: 0
      objectReference: {fileID: 0}
    - target: {fileID: -4216859302048453862, guid: 50a64b3e1eead7b4187e86f7b6fd25da,
        type: 3}
      propertyPath: m_LocalRotation.x
      value: 0
      objectReference: {fileID: 0}
    - target: {fileID: -4216859302048453862, guid: 50a64b3e1eead7b4187e86f7b6fd25da,
        type: 3}
      propertyPath: m_LocalRotation.y
      value: 0
      objectReference: {fileID: 0}
    - target: {fileID: -4216859302048453862, guid: 50a64b3e1eead7b4187e86f7b6fd25da,
        type: 3}
      propertyPath: m_LocalRotation.z
      value: 0
      objectReference: {fileID: 0}
    - target: {fileID: -4216859302048453862, guid: 50a64b3e1eead7b4187e86f7b6fd25da,
        type: 3}
      propertyPath: m_LocalRotation.w
      value: 1
      objectReference: {fileID: 0}
    - target: {fileID: -4216859302048453862, guid: 50a64b3e1eead7b4187e86f7b6fd25da,
        type: 3}
      propertyPath: m_RootOrder
      value: 0
      objectReference: {fileID: 0}
    - target: {fileID: -4216859302048453862, guid: 50a64b3e1eead7b4187e86f7b6fd25da,
        type: 3}
      propertyPath: m_LocalEulerAnglesHint.x
      value: 0
      objectReference: {fileID: 0}
    - target: {fileID: -4216859302048453862, guid: 50a64b3e1eead7b4187e86f7b6fd25da,
        type: 3}
      propertyPath: m_LocalEulerAnglesHint.y
      value: 0
      objectReference: {fileID: 0}
    - target: {fileID: -4216859302048453862, guid: 50a64b3e1eead7b4187e86f7b6fd25da,
        type: 3}
      propertyPath: m_LocalEulerAnglesHint.z
      value: 0
      objectReference: {fileID: 0}
    - target: {fileID: -4216859302048453862, guid: 50a64b3e1eead7b4187e86f7b6fd25da,
        type: 3}
      propertyPath: m_LocalScale.x
      value: 0.40011
      objectReference: {fileID: 0}
    - target: {fileID: -4216859302048453862, guid: 50a64b3e1eead7b4187e86f7b6fd25da,
        type: 3}
      propertyPath: m_LocalScale.y
      value: 0.40011
      objectReference: {fileID: 0}
    - target: {fileID: -4216859302048453862, guid: 50a64b3e1eead7b4187e86f7b6fd25da,
        type: 3}
      propertyPath: m_LocalScale.z
      value: 0.40011
      objectReference: {fileID: 0}
    - target: {fileID: -3506051254251955482, guid: 50a64b3e1eead7b4187e86f7b6fd25da,
        type: 3}
      propertyPath: m_Materials.Array.data[1]
      value: 
      objectReference: {fileID: 2100000, guid: 0d2947a3790243f4ba73f8b795f578b9, type: 2}
    - target: {fileID: -3506051254251955482, guid: 50a64b3e1eead7b4187e86f7b6fd25da,
        type: 3}
      propertyPath: m_Materials.Array.data[0]
      value: 
      objectReference: {fileID: 2100000, guid: 7c046a3069c27b44596fed03e47c0212, type: 2}
    - target: {fileID: -2358199852598374774, guid: 50a64b3e1eead7b4187e86f7b6fd25da,
        type: 3}
      propertyPath: m_IsActive
      value: 0
      objectReference: {fileID: 0}
    - target: {fileID: -927199367670048503, guid: 50a64b3e1eead7b4187e86f7b6fd25da,
        type: 3}
      propertyPath: m_Name
      value: Transporter
      objectReference: {fileID: 0}
    - target: {fileID: 2177599832839842706, guid: 50a64b3e1eead7b4187e86f7b6fd25da,
        type: 3}
      propertyPath: m_Materials.Array.data[1]
      value: 
      objectReference: {fileID: 2100000, guid: 9607869c91b7b604589d676de9cdf1b1, type: 2}
    - target: {fileID: 2177599832839842706, guid: 50a64b3e1eead7b4187e86f7b6fd25da,
        type: 3}
      propertyPath: m_Materials.Array.data[0]
      value: 
      objectReference: {fileID: 2100000, guid: 0d2947a3790243f4ba73f8b795f578b9, type: 2}
    - target: {fileID: 3498233192160276394, guid: 50a64b3e1eead7b4187e86f7b6fd25da,
        type: 3}
      propertyPath: m_Materials.Array.data[1]
      value: 
      objectReference: {fileID: 2100000, guid: 0d2947a3790243f4ba73f8b795f578b9, type: 2}
    - target: {fileID: 3498233192160276394, guid: 50a64b3e1eead7b4187e86f7b6fd25da,
        type: 3}
      propertyPath: m_Materials.Array.data[0]
      value: 
      objectReference: {fileID: 2100000, guid: 7c046a3069c27b44596fed03e47c0212, type: 2}
    m_RemovedComponents: []
  m_SourcePrefab: {fileID: 100100000, guid: 50a64b3e1eead7b4187e86f7b6fd25da, type: 3}
--- !u!1 &3783001601363680194 stripped
GameObject:
  m_CorrespondingSourceObject: {fileID: -1327565835736766579, guid: 50a64b3e1eead7b4187e86f7b6fd25da,
    type: 3}
  m_PrefabInstance: {fileID: 6479661777003166799}
  m_PrefabAsset: {fileID: 0}
--- !u!1 &7059380939894679227 stripped
GameObject:
  m_CorrespondingSourceObject: {fileID: 4042991796335598324, guid: 50a64b3e1eead7b4187e86f7b6fd25da,
    type: 3}
  m_PrefabInstance: {fileID: 6479661777003166799}
  m_PrefabAsset: {fileID: 0}
--- !u!4 &2060070002700752725 stripped
Transform:
  m_CorrespondingSourceObject: {fileID: -4216859302048453862, guid: 50a64b3e1eead7b4187e86f7b6fd25da,
    type: 3}
  m_PrefabInstance: {fileID: 6479661777003166799}
  m_PrefabAsset: {fileID: 0}
--- !u!1 &3084278654620689734 stripped
GameObject:
  m_CorrespondingSourceObject: {fileID: -927199367670048503, guid: 50a64b3e1eead7b4187e86f7b6fd25da,
    type: 3}
  m_PrefabInstance: {fileID: 6479661777003166799}
  m_PrefabAsset: {fileID: 0}
